@book{李贤平2010概率论基础,
  title={概率论基础(第三版)},
  author={李贤平},
  publisher={高等教育出版社},
  year={2010},
}

