% Encoding: UTF-8


@article{bi2021tensors,
	title={Tensors in statistics},
	author={Bi, Xuan and Tang, Xiwei and Yuan, Yubai and Zhang, Yanqing and Qu, Annie},
	journal={Annual review of statistics and its application},
	volume={8},
	number={1},
	pages={345--368},
	year={2021},
	publisher={Annual Reviews}
}

@article{tucker1966some,
	title={Some mathematical notes on three-mode factor analysis},
	author={Tucker, Ledyard R},
	journal={Psychometrika},
	volume={31},
	number={3},
	pages={279--311},
	year={1966},
	publisher={Springer}
}


@article{polson2011data,
	title={Data augmentation for support vector machines},
	author={Polson, Nicholas G and Scott, Steven L},
	year={2011}
}

@article{polson2013bayesian,
	title={Bayesian inference for logistic models using P{\'o}lya--Gamma latent variables},
	author={Polson, Nicholas G and Scott, James G and Windle, Jesse},
	journal={Journal of the American statistical Association},
	volume={108},
	number={504},
	pages={1339--1349},
	year={2013},
	publisher={Taylor \& Francis}
}

@article{guhaniyogi2017bayesian,
	title={Bayesian tensor regression},
	author={Guhaniyogi, Rajarshi and Qamar, Shaan and Dunson, David B},
	journal={Journal of Machine Learning Research},
	volume={18},
	number={79},
	pages={1--31},
	year={2017}
}

@article{lyu2024bayesian,
	title={Bayesian tensor modeling for image-based classification of alzheimer’s disease},
	author={Lyu, Rongke and Vannucci, Marina and Kundu, Suprateek and for the Alzheimer’s Disease Neuroimaging Initiative},
	journal={Neuroinformatics},
	pages={1--19},
	year={2024},
	publisher={Springer}
}

@book{李航2019统计学习方法,
  title={统计学习方法},
  author={李航},
  publisher={清华大学出版社},
  year={2019}
}

@article{plant2010automated,
  title={Automated detection of brain atrophy patterns based on MRI for the prediction of Alzheimer's disease},
  author={Plant, Claudia and Teipel, Stefan J and Oswald, Annahita and B{\"o}hm, Christian and Meindl, Thomas and Mourao-Miranda, Janaina and Bokde, Arun W and Hampel, Harald and Ewers, Michael},
  journal={Neuroimage},
  volume={50},
  number={1},
  pages={162--174},
  year={2010},
  publisher={Elsevier}
}

@article{ben2015classification,
  title={Classification of Alzheimer’s disease subjects from MRI using hippocampal visual features},
  author={Ben Ahmed, Olfa and Benois-Pineau, Jenny and Allard, Michele and Ben Amar, Chokri and Catheline, Gw{\'e}na{\"e}lle and Alzheimer’s Disease Neuroimaging Initiative},
  journal={Multimedia Tools and Applications},
  volume={74},
  pages={1249--1266},
  year={2015},
  publisher={Springer}
}

@article{pan2019covariate,
  title={Covariate-adjusted tensor classification in high dimensions},
  author={Pan, Yuqing and Mai, Qing and Zhang, Xin},
  journal={Journal of the American statistical association},
  year={2019},
  publisher={Taylor \& Francis}
}