@book{李文威2019代数学方法,
	title={代数学方法. 第一卷, 基础架构},
	author={李文威},
	publisher={代数学方法. 第一卷, 基础架构},
	year={2019},
}
@book{aluffi2021algebra,
	title={Algebra: chapter 0},
	author={Aluffi, Paolo},
	volume={104},
	year={2021},
	publisher={American Mathematical Soc.}
}